
@article{cai2015LawLog,
	Author = {Cai, T. Tony and Liang, Tengyuan and Zhou, Harrison H.},
	Journal = {Journal of Multivariate Analysis},
	Pages = {161--172},
	Title = {Law of Log Determinant of Sample Covariance Matrix and Optimal Estimation of Differential Entropy for High-Dimensional {{Gaussian}} Distributions},
	Volume = {137},
	Year = {2015},
	Doi = {10.1016/j.jmva.2015.02.003}}
