
@inproceedings{belloni2015EscapingLocal,
	Author = {Belloni, Alexandre and Liang, Tengyuan and Narayanan, Hariharan and Rakhlin, Alexander},
	Booktitle = {Proceedings of the 28th Conference on Learning Theory},
	Editor = {Gr{\"u}nwald, Peter and Hazan, Elad and Kale, Satyen},
	Month = jul,
	Pages = {240--265},
	Publisher = {{PMLR}},
	Series = {Proceedings of Machine Learning Research},
	Title = {Escaping the Local Minima via Simulated Annealing: {{Optimization}} of Approximately Convex Functions},
	Volume = {40},
	Year = {2015}}
