
@inproceedings{liang2015LearningSquare,
	Author = {Liang, Tengyuan and Rakhlin, Alexander and Sridharan, Karthik},
	Booktitle = {Proceedings of the 28th Conference on Learning Theory},
	Editor = {Gr{\"u}nwald, Peter and Hazan, Elad and Kale, Satyen},
	Month = jul,
	Pages = {1260--1285},
	Publisher = {{PMLR}},
	Series = {Proceedings of Machine Learning Research},
	Title = {Learning with Square Loss: {{Localization}} through Offset Rademacher Complexity},
	Volume = {40},
	Year = {2015}}
