
@article{cai2016GeometricInference,
	Author = {Cai, T. Tony and Liang, Tengyuan and Rakhlin, Alexander},
	Journal = {The Annals of Statistics},
	Month = aug,
	Number = {4},
	Pages = {1536--1563},
	Title = {Geometric Inference for General High-Dimensional Linear Inverse Problems},
	Volume = {44},
	Year = {2016},
	Doi = {10.1214/15-AOS1426}}
