
@article{cai2017DetectionStructural,
	Author = {Cai, T. and Liang, T. and Rakhlin, A.},
	Journal = {IEEE Transactions on Network Science and Engineering},
	Month = jul,
	Number = {3},
	Pages = {165--176},
	Title = {On Detection and Structural Reconstruction of Small-World Random Networks},
	Volume = {4},
	Year = {2017},
	Doi = {10.1109/TNSE.2017.2703102}}
