
@article{cai2017ComputationalStatistical,
	Author = {Cai, T. Tony and Liang, Tengyuan and Rakhlin, Alexander},
	Journal = {The Annals of Statistics},
	Month = aug,
	Number = {4},
	Pages = {1403--1430},
	Title = {Computational and Statistical Boundaries for Submatrix Localization in a Large Noisy Matrix},
	Volume = {45},
	Year = {2017},
	Doi = {10.1214/16-AOS1488}}
