
@inproceedings{kale2017AdaptiveFeature,
	Author = {Kale, Satyen and Karnin, Zohar and Liang, Tengyuan and P{\'a}l, D{\'a}vid},
	Booktitle = {Proceedings of the 34th International Conference on Machine Learning},
	Editor = {Precup, Doina and Teh, Yee Whye},
	Month = aug,
	Pages = {1780--1788},
	Publisher = {{PMLR}},
	Series = {Proceedings of Machine Learning Research},
	Title = {Adaptive Feature Selection: {{Computationally}} Efficient Online Sparse Linear Regression under {{RIP}}},
	Volume = {70},
	Year = {2017}}
