
@inproceedings{tzen2018LocalOptimality,
	Author = {Tzen, Belinda and Liang, Tengyuan and Raginsky, Maxim},
	Booktitle = {Proceedings of the 31st Conference on Learning Theory},
	Editor = {Bubeck, S{\'e}bastien and Perchet, Vianney and Rigollet, Philippe},
	Month = jul,
	Pages = {857--875},
	Publisher = {{PMLR}},
	Series = {Proceedings of Machine Learning Research},
	Title = {Local Optimality and Generalization Guarantees for the Langevin Algorithm via Empirical Metastability},
	Volume = {75},
	Year = {2018}}
