
@inproceedings{liang2019FisherraoMetric,
	Author = {Liang, Tengyuan and Poggio, Tomaso and Rakhlin, Alexander and Stokes, James},
	Booktitle = {The 22nd International Conference on Artificial Intelligence and Statistics},
	Editor = {Chaudhuri, Kamalika and Sugiyama, Masashi},
	Month = apr,
	Pages = {888--896},
	Publisher = {{PMLR}},
	Series = {Proceedings of Machine Learning Research},
	Title = {Fisher-Rao Metric, Geometry, and Complexity of Neural Networks},
	Volume = {89},
	Year = {2019}}
