
@inproceedings{liang2019InteractionMatters,
	Author = {Liang, Tengyuan and Stokes, James},
	Booktitle = {The 22nd International Conference on Artificial Intelligence and Statistics},
	Editor = {Chaudhuri, Kamalika and Sugiyama, Masashi},
	Month = apr,
	Pages = {907--915},
	Publisher = {{PMLR}},
	Series = {Proceedings of Machine Learning Research},
	Title = {Interaction Matters: {{A}} Note on Non-Asymptotic Local Convergence of Generative Adversarial Networks},
	Volume = {89},
	Year = {2019}}
