
@article{liang2019StatisticalInference,
	Author = {Liang, Tengyuan and Su, Weijie J.},
	Journal = {Journal of the Royal Statistical Society: Series B (Statistical Methodology)},
	Number = {2},
	Pages = {431--456},
	Title = {Statistical Inference for the Population Landscape via Moment-Adjusted Stochastic Gradients},
	Volume = {81},
	Year = {2019},
	Doi = {10.1111/rssb.12313}}
