
@article{liang2020JustInterpolate,
	Author = {Liang, Tengyuan and Rakhlin, Alexander},
	Journal = {The Annals of Statistics},
	Month = jun,
	Number = {3},
	Pages = {1329--1347},
	Title = {Just Interpolate: {{Kernel}} ``{{Ridgeless}}'' Regression Can Generalize},
	Volume = {48},
	Year = {2020},
	Doi = {10.1214/19-AOS1849}}
