
@article{cai2020WeightedMessage,
	Author = {Cai, T. Tony and Liang, Tengyuan and Rakhlin, Alexander},
	Journal = {Journal of Machine Learning Research},
	Number = {11},
	Pages = {1--34},
	Title = {Weighted Message Passing and Minimum Energy Flow for Heterogeneous Stochastic Block Models with Side Information},
	Volume = {21},
	Year = {2020}}
