
@article{dou2020TrainingNeural,
	Author = {Xialiang Dou and Tengyuan Liang},
	Journal = {Journal of the American Statistical Association},
	Number = {535},
	Pages = {1507-1520},
	Title = {Training Neural Networks as Learning Data-adaptive Kernels: Provable Representation and Approximation Benefits},
	Volume = {116},
	Year = {2021},
	Doi = {10.1080/01621459.2020.1745812}}
