
@inproceedings{liang2020MultipleDescent,
	Author = {Liang, Tengyuan and Rakhlin, Alexander and Zhai, Xiyu},
	Booktitle = {Proceedings of 33rd Conference on Learning Theory},
	Editor = {Abernethy, Jacob and Agarwal, Shivani},
	Month = jul,
	Pages = {2683--2711},
	Publisher = {{PMLR}},
	Series = {Proceedings of Machine Learning Research},
	Title = {On the Multiple Descent of Minimum-Norm Interpolants and Restricted Lower Isometry of Kernels},
	Volume = {125},
	Year = {2020}}
