
@article{farrell2018DeepNeural,
	Author = {Farrell, Max H and Liang, Tengyuan and Misra, Sanjog},
	Journal = {Econometrica},
	Title = {Deep neural networks for estimation and inference},
	Year = {2018},
	Pubstate = {forthcoming},
	Doi = {10.3982/ECTA16901}}
