
@article{liang2022HighdimAsymptoticsLangevin,
	title = {High-dimensional Asymptotics of Langevin Dynamics in Spiked Matrix Models},
	author = {Liang, Tengyuan and Sen, Subhabrata and Sur, Pragya},
	journal = {arXiv preprint arXiv:2204.04476},
	year = {2022}
}
