
@article{farrell2020DeepLearning,
  title={Deep Learning for Individual Heterogeneity},
  author={Farrell, Max H and Liang, Tengyuan and Misra, Sanjog},
  journal={arXiv preprint arXiv:2010.14694},
  year={2020}
}


