
@article{liang2019EstimatingCertain,
  title={Estimating Certain Integral Probability Metric (IPM) is as Hard as Estimating under the IPM},
  author={Liang, Tengyuan},
  journal={arXiv preprint arXiv:1911.00730},
  year={2019}
}
