
@article{liang2021InterpolatingClassifiers,
  title={Interpolating Classifiers Make Few Mistake},
  author={Liang, Tengyuan and Recht, Benjamin},
  journal={},
  year={2021}
}
