@article{liang2020JustInterpolate,
	author = {Liang, Tengyuan and Rakhlin, Alexander},
	doi = {10.1214/19-AOS1849},
	journal = {The Annals of Statistics},
	month = June,
	number = {3},
	pages = {1329--1347},
	title = {Just Interpolate: {{Kernel}} ``{{Ridgeless}}'' Regression Can Generalize},
	volume = {48},
	year = {2020},
	bdsk-url-1 = {https://doi.org/10.1214/19-AOS1849}}
