
@article{farrell2018DeepNeural,
	Author = {Farrell, Max H and Liang, Tengyuan and Misra, Sanjog},
	Journal = {Econometrica},
	Month = jan,
	Number = {1},
	Pages = {181-213},
	Title = {Deep neural networks for estimation and inference},
	Volume = {89},
	Year = {2021},
	Doi = {10.3982/ECTA16901}}
