
@article{liang2020MehlerFormula,
	Author = {Tengyuan Liang and Hai Tran-Bach},
	Journal = {Journal of the American Statistical Association},
	Number = {539},
	Pages = {1324-1337},
	Title = {Mehler's Formula, Branching Process, and Compositional Kernels of Deep Neural Networks},
	Volume = {117},
	Year = {2022},
	Doi = {10.1080/01621459.2020.1853547}}
