
@article{liang2018HowWell,
	Author = {Liang, Tengyuan},
	Journal = {Journal of Machine Learning Research, to appear},
	Title = {How well generative adversarial networks learn distributions},
	Year = {2018}}
