
@article{liang2020PreciseHighdimensional,
	author = {Liang, Tengyuan and Sur, Pragya},
	doi = {10.1214/22-AOS2170},
	journal = {Annals of Statistics},
	month = {June},
	number = {3},
	pages = {1669--1695},
	title = {A precise high-dimensional asymptotic theory for boosting and minimum-$\ell _{1}$-norm interpolated classifiers},
	volume = {50},
	year = {2022}
}
