@article{liang2021UniversalPrediction,
  title = {Universal prediction band via semi-definite programming},
  author = {Liang, Tengyuan},
  journal = {Journal of the Royal Statistical Society: Series B (Statistical Methodology)},
  year = {2022},
  volume = {n/a},
  number = {n/a},
  pages = {},
  doi = {https://doi.org/10.1111/rssb.12542}
}

