@inproceedings{Guo2022OnlineLearningTransport,
	author = {Guo, Wenxuan and Hur, YoonHaeng and Liang, Tengyuan and Ryan, Chris},
	title = {Online Learning to Transport via the Minimal Selection Principle},
	booktitle = {Proceedings of 35th Conference on Learning Theory},
	editor = {Loh, Po-Ling and Raginsky, Maxim},
	month = {02--05 Jul},
	pages = {4085--4109},
	publisher = {PMLR},
	series = {Proceedings of Machine Learning Research},
	volume = {178},
	year = {2022}}
