
@article{liang2021InterpolatingClassifiers,
  author  = {Tengyuan Liang and Benjamin Recht},
  title   = {Interpolating Classifiers Make Few Mistakes},
  journal = {Journal of Machine Learning Research},
  year    = {2023},
  volume  = {24},
  number  = {20},
  pages   = {1--27},
  url     = {http://jmlr.org/papers/v24/21-0844.html}
}
