
@article{liang2022HighdimAsymptoticsLangevin,
	author = {Liang, Tengyuan and Sen, Subhabrata and Sur, Pragya},
	journal = {Information and Inference: A Journal of the IMA},
	month = oct,
	number = {4},
	pages = {2720--2752},
	title = {High-Dimensional Asymptotics of {{Langevin}} Dynamics in Spiked Matrix Models},
	volume = {12},
	year = {2023}
}