
@article{farrell2020deep,
  title = {Deep Learning for Individual Heterogeneity},
  author = {Farrell, Max H and Liang, Tengyuan and Misra, Sanjog},
  year = {2020},
  archivePrefix = {arXiv},
  eprint = {2010.14694},
  eprinttype = {arxiv},
  file = {/Users/tengyuan/Zotero/storage/LIZESEXD/Farrell et al_2020_Deep learning for individual heterogeneity.pdf},
  journal = {arXiv preprint arXiv:2010.14694}
}

@article{liang2018well,
  title = {On How Well Generative Adversarial Networks Learn Densities: {{Nonparametric}} and Parametric Results},
  author = {Liang, Tengyuan},
  year = {2018},
  archivePrefix = {arXiv},
  eprint = {1811.03179},
  eprinttype = {arxiv},
  file = {/Users/tengyuan/Zotero/storage/2LKKQ8FL/Liang_2018_On how well generative adversarial networks learn densities.pdf},
  journal = {arXiv preprint arXiv:1811.03179}
}

@article{liang2019EstimatingCertain,
  ids = {liang2019EstimatingCertainIntegrala},
  title = {Estimating Certain Integral Probability Metric ({{IPM}}) Is as Hard as Estimating under the {{IPM}}},
  author = {Liang, Tengyuan},
  year = {2019},
  month = nov,
  archivePrefix = {arXiv},
  date-added = {2020-07-24 09:09:58 -0500},
  date-modified = {2020-07-24 09:09:58 -0500},
  eprint = {1911.00730},
  eprinttype = {arxiv},
  file = {/Users/tengyuan/Zotero/storage/FHRRQJCR/Liang_2019_Estimating certain integral probability metric (IPM) is as hard as estimating.pdf},
  journal = {arXiv preprint arXiv:1911.00730},
  keywords = {Mathematics - Statistics Theory,Statistics - Machine Learning}
}

@article{liang2020PreciseHighdimensional,
  ids = {liang2020PreciseHighDimensionalAsymptotic,liang2020PreciseHighDimensionalAsymptotica},
  title = {A Precise High-Dimensional Asymptotic Theory for Boosting and Min-L1-Norm Interpolated Classifiers},
  author = {Liang, Tengyuan and Sur, Pragya},
  year = {2020},
  month = feb,
  archivePrefix = {arXiv},
  date-added = {2020-07-24 09:09:37 -0500},
  date-modified = {2020-07-24 09:09:37 -0500},
  eprint = {2002.01586},
  eprinttype = {arxiv},
  file = {/Users/tengyuan/Zotero/storage/WAWF6WEZ/Liang_Sur_2020_A precise high-dimensional asymptotic theory for boosting and min-l1-norm.pdf},
  journal = {arXiv preprint arXiv:2002.01586},
  keywords = {Computer Science - Information Theory,Computer Science - Machine Learning,Mathematics - Statistics Theory,Statistics - Machine Learning}
}

@article{liang2021interpolating,
  title = {Interpolating Classifiers Make Few Mistakes},
  author = {Liang, Tengyuan and Recht, Benjamin},
  year = {2021},
  archivePrefix = {arXiv},
  eprint = {2101.11815},
  eprinttype = {arxiv},
  file = {/Users/tengyuan/Zotero/storage/ZKTA386Z/Liang_Recht_2021_Interpolating classifiers make few mistakes.pdf},
  journal = {arXiv preprint arXiv:2101.11815}
}


