
@misc{liang2022blessings,
      title={Blessings and Curses of Covariate Shifts: Adversarial Learning Dynamics, Directional Convergence, and Equilibria}, 
      author={Tengyuan Liang},
      year={2022},
      eprint={2212.02457},
      archivePrefix={arXiv},
}