@article{Guo2022OnlineLearningTransport,
	title = {Online Learning to Transport via the Minimal Selection Principle},
	author = {Guo, Wenxuan and Hur, YoonHaeng and Liang, Tengyuan and Ryan, Christopher},
	journal = {arXiv preprint arXiv:2202.xxxxx},
	year = {2022}}
