
@article{hur2021ReversibleGromovMonge,
	title = {Reversible Gromov-Monge Sampler for Simulation-Based Inference},
	author = {Hur, YoonHaeng and Guo, Wenxuan and Liang, Tengyuan},
	journal = {arXiv preprint arXiv:2109.14090},
	year = {2021}}

